% Exemplo de bibliografia:

% Apague e acrescente quantos itens quiser. Não é necessário usar no texto todos os itens que estiverem aqui.

@online{wikimedia-latex,
  author = {{WIKIMEDIA COMMONS}},
  title = {File: {\normalfont LaTeX logo.svg}},
  year = {2008},
  note = {Upload de EmilJ. Disponível em: \url{https://upload.wikimedia.org/wikipedia/commons/9/92/LaTeX_logo.svg} -- acesso em 24 jan. 2019.}
}

% Exemplo tirado de https://en.wikibooks.org/wiki/LaTeX/Bibliography_Management#BibTeX abaixo:

@article{greenwade93,
    author  = "George D. Greenwade",
    title   = "The {C}omprehensive {T}ex {A}rchive {N}etwork ({CTAN})",
    year    = "1993",
    journal = "TUGBoat",
    volume  = "14",
    number  = "3",
    pages   = "342--351"
}

% Outros exemplos, tirados de https://verbosus.com/bibtex-style-examples.html abaixo:

@article{article,
  author  = {Peter Adams}, 
  title   = {The title of the work},
  journal = {The name of the journal},
  year    = 1993,
  number  = 2,
  pages   = {201-213},
  month   = 7,
  note    = {An optional note}, 
  volume  = 4
}

@book{book,
  author    = {Peter Babington}, 
  title     = {The title of the work},
  publisher = {The name of the publisher},
  year      = 1993,
  volume    = 4,
  series    = 10,
  address   = {The address},
  edition   = 3,
  month     = 7,
  note      = {An optional note},
  isbn      = {3257227892}
}

@booklet{booklet,
  title        = {The title of the work},
  author       = {Peter Caxton}, 
  howpublished = {How it was published},
  address      = {The address of the publisher},
  month        = 7,
  year         = 1993,
  note         = {An optional note}
}

@conference{conference,
  author       = {Peter Draper}, 
  title        = {The title of the work},
  booktitle    = {The title of the book},
  year         = 1993,
  editor       = {The editor},
  volume       = 4,
  series       = 5,
  pages        = 213,
  address      = {The address of the publisher},
  month        = 7,
  organization = {The organization},
  publisher    = {The publisher},
  note         = {An optional note}  
}

@inbook{inbook,
  author       = {Peter Eston}, 
  title        = {The title of the work},
  chapter      = 8,
  pages        = {201-213},
  publisher    = {The name of the publisher},
  year         = 1993,
  volume       = 4,
  series       = 5,
  address      = {The address of the publisher},
  edition      = 3,
  month        = 7,
  note         = {An optional note}
}

@incollection{incollection,
  author       = {Peter Farindon}, 
  title        = {The title of the work},
  booktitle    = {The title of the book},
  publisher    = {The name of the publisher},
  year         = 1993,
  editor       = {The editor},
  volume       = 4,
  series       = 5,
  chapter      = 8,
  pages        = {201-213},
  address      = {The address of the publisher},
  edition      = 3,
  month        = 7,
  note         = {An optional note}
}
@manual{manual,
  title        = {The title of the work},
  author       = {Peter Gainsford}, 
  organization = {The organization},
  address      = {The address of the publisher},
  edition      = 3,
  month        = 7,
  year         = 1993,
  note         = {An optional note}
}

@mastersthesis{mastersthesis,
  author       = {Peter Harwood}, 
  title        = {The title of the work},
  school       = {The school of the thesis},
  year         = 1993,
  address      = {The address of the publisher},
  month        = 7,
  note         = {An optional note}
}

@misc{misc,
  author       = {Peter Isley}, 
  title        = {The title of the work},
  howpublished = {How it was published},
  month        = 7,
  year         = 1993,
  note         = {An optional note}
}

@phdthesis{phdthesis,
  author       = {Peter Joslin}, 
  title        = {The title of the work},
  school       = {The school of the thesis},
  year         = 1993,
  address      = {The address of the publisher},
  month        = 7,
  note         = {An optional note}
}

@proceedings{proceedings,
  title        = {The title of the work},
  year         = 1993,
  editor       = {Peter Kidwelly},
  volume       = 4,
  series       = 5,
  address      = {The address of the publisher},
  month        = 7,
  organization = {The organization},
  publisher    = {The name of the publisher},
  note         = {An optional note}
}

@techreport{techreport,
  author       = {Peter Lambert}, 
  title        = {The title of the work},
  institution  = {The institution that published},
  year         = 1993,
  number       = 2,
  address      = {The address of the publisher},
  month        = 7,
  note         = {An optional note}
}

@unpublished{unpublished,
  author       = {Peter Marcheford}, 
  title        = {The title of the work},
  note         = {An optional note},
  month        = 7,
  year         = 1993
}

@manual{abntex2modelo,
	Annote = {Este documento {\'e} derivado do \cite{abnt-bibtex-doc}},
	Author = {Lauro C{\'e}sar Araujo},
	Organization = {Equipe abnTeX2},
	Title = {Modelo Can{\^o}nico de Trabalho Acad{\^e}mico com abnTeX2},
	Url = {http://www.abntex.net.br/},
	Year = {2015}
}

@manual{NBR6028:2003,
  title = {{NBR} 6028},
  address = {Rio de Janeiro},
  month = nov,
  organization = {Associa{\c c}\~ao Brasileira de Normas T\'ecnicas},
  year = {2003},
  date-added = {2012-12-15 21:02:12 +0000},
  date-modified = {2012-12-15 21:02:50 +0000},
  org-short = {ABNT},
  pages = {2},
  subtitle = {Resumo - Apresenta{\c c}{\~a}o},
  month_numeric = {11}
}

@book{Castro-2019,
    author = {Castro, Leonardo Luiz e AND da, Silva Filho, Olavo Leopoldino},
    title = {Física para Ciências Agrárias e Ambientais},
    publisher = {Editora UnB},
    year = {2019}
}

@article{Saraiva-2012,
   title = {Estat\'isticas sobre irriga{\c{c}}{\~{a}}o nas regi{\~o}es Sul e Sudeste do Brasil segundo o censo agropecu{\'a}rio 2005-2006},
   journal = {IRRIGA - Brazilian Journal of Irrigation and Drainage},
   author={Saraiva, Kleiton Rocha AND Souza, Francisco de},
   ISSN = {1808-8546},
   language = {pt},
   URL = {http://revistas.fca.unesp.br/index.php/irriga/article/view/175/268},
   urlaccessdate = {20 nov. 2018},
   volume = {17},
   number = {2},
   year = {2012},
   month = {04-06},
   pages = {168-176},
   publisher = {Universidade Estadual Paulista ``Júlio de Mesquita Filho''},
   address = {Botucatu - SP}
}

@article{Santana-2018,
    Author = {Landri, Cristian AND Santana, Ademir},
	Journal = {Physicae Organum},
	Volume = {4},
	Number = {1},
	Pages = {10-21},
	Title = {Representações da Mecânica de Nambu no Espaço de Hilbert Simplético},
	Year = {2018}
}

@article{Castro-2019b,
    Author = {Castro, Leonardo Luiz e AND Paula, Fabio Luís de Oliveira},
	Journal = {Physicae Organum},
	Volume = {5},
	Number = {1},
	Pages = {10-21},
	Title = {A F\'ISICA NOS MODELOS DE UNIVERSIDADE},
	Year = {2019}
}

@article{van86,
	Author = {{van}, Gigch, John P. and Leo L. Pipino},
	Journal = {Future Computing Systems},
	Number = {1},
	Pages = {71-97},
	Title = {In search for a paradigm for the discipline of information systems},
	Volume = {1},
	Year = {1986}
}

@book{doxiadis1965,
	Author = {Constantinos A. Doxiadis},
	Publisher = {Ceira - Coimbra},
	Title = {Arquitetura em Transi{\c c}{\~a}o},
	Year = {1965}
}

@book{dewey1980,
	Address = {New York, NY, USA},
	Author = {John Dewey},
	Publisher = {Perigee Books},
	Title = {Art as Experience},
	Year = {1980}
}

@manual{talbot2012,
	Author = {Nicola L.C. Talbot},
	Month = {11},
	Title = {User Manual for glossaries.sty},
	Url = {http://mirrors.ctan.org/macros/latex/contrib/glossaries/glossaries-user.pdf},
	Urlaccessdate = {11.3.2013},
	Year = {2012}
}

@mastersthesis{araujo2012,
	Address = {Bras{\'\i}lia},
	Author = {Lauro C{\'e}sar Araujo},
	Month = {Mar{\c c}o},
	School = {Universidade de Bras{\'\i}lia},
	Subtitle = {uma perspectiva de Arquitetura da Informa{\c c}{\~a}o da Escola de Bras{\'\i}lia},
	Title = {Configura{\c c}{\~a}o},
	Year = {2012}
}


@article{Vilela-2016,
	author = {Diana Vilela AND Jemish Parmar AND Yongfei Zeng AND Yanli Zhao AND Samuel Sánchez},
	title = {Graphene-Based Microbots for Toxic Heavy Metal Removal and Recovery from Water},
	journal = {Nano Letters},
	volume = {16},
	pages = {2860-2866},
	year = {2016}
}

@phdthesis{guizzardi2005,
	Address = {Enschede, The Netherlands},
	Author = {Giancarlo Guizzardi},
	School = {Centre for Telematics and Information Technology, University of Twente},
	Title = {Ontological Foundations for Structural Conceptual Models},
	Url = {http://www.loa.istc.cnr.it/Guizzardi/SELMAS-CR.pdf},
	Urlaccessdate = {3.7.2011},
	Year = {2005}
}

@inproceedings{masolo2010,
	Author = {Claudio Masolo},
	Booktitle = {Proceedings of the Twelfth International Conference on the Principles of Knowledge Representation and Reasoning (KR 2010)},
	Editor = {Lin, F. and Sattler, U.},
	Pages = {258-268},
	Publisher = {AAAI Press},
	Title = {Understanding Ontological Levels},
	Url = {http://wiki.loa-cnr.it/Papers/kr10v0.7.pdf},
	Urlaccessdate = {2.1.2012},
	Year = {2010}
}

@inbook{guarino1995,
	Address = {Vienna},
	Author = {Nicola Guarino},
	Booktitle = {Philosophy and the Cognitive Science},
	Editor = {R. Casati and B. Smith and G. White},
	Month = {September},
	Pages = {443-456},
	Publisher = {Holder-Pivhler-Tempsky},
	Title = {The Ontological Level},
	Url = {http://wiki.loa-cnr.it/Papers/OntLev.pdf},
	Urlaccessdate = {2.1.2012},
	Year = {1995}
}

@incollection{bates2010,
	Address = {New York},
	Author = {Marcia J. Bates},
	Booktitle = {Encyclopedia of Library and Information Sciences},
	Edition = {3rd},
	Editor = {Marcia J. Bates and Mary Niles Maack},
	Pages = {2347-2360},
	Publisher = {CRC Press},
	Title = {Information},
	Url = {http://pages.gseis.ucla.edu/faculty/bates/articles/information.html},
	Urlaccessdate = {24.10.2011},
	Volume = {3},
	Year = {2010}
}

@misc{abntex2-wiki-como-customizar,
	Author = {abnTeX2},
	Howpublished = {Wiki do abnTeX2},
	Keywords = {wiki},
	Title = {Como customizar o abnTeX2},
	Url = {https://code.google.com/p/abntex2/wiki/ComoCustomizar},
	Urlaccessdate = {23.3.2013},
	Year = {2013}
}
